@article{Tang2019,
  title   = {A novel perspective on multiclass classification: Regular simplex support vector machine},
  author  = {Tang, Long and Tian, Yingjie and Pardalos, Panos M},
  journal = {Information Sciences},
  volume  = {480},
  pages   = {324--338},
  year    = {2019}
}

@article{guo2015,
  title   = {An active learning-based SVM multi-class classification model},
  author  = {Guo, Husheng and Wang, Wenjian},
  journal = {Pattern recognition},
  volume  = {48},
  number  = {5},
  pages   = {1577--1597},
  year    = {2015}
}

@incollection{Uter2020,
  author    = {Uter, Wolfgang},
  editor    = {John, Swen Malte
               and Johansen, Jeanne Duus
               and Rustemeyer, Thomas
               and Elsner, Peter
               and Maibach, Howard I.},
  title     = {Classification of Occupations},
  booktitle = {Kanerva's Occupational Dermatology},
  year      = {2020},
  publisher = {Springer International Publishing},
  pages     = {61--67}
}

@techreport{Paulus2013,
  title       = {Klassifikation der {Berufe}: {Struktur}, {Codierung} und {Umsteigeschl{\"u}ssel}},
  author      = {Paulus, Wiebke and Matthes, Britta},
  year        = {2013},
  institution = {Institut für Arbeitsmarkt- und Berufsforschung (IAB), Nürnberg [Institute for Employment Research, Nuremberg, Germany]},
  type        = {{FDZ}-{Methodenreport}}
}

@article{Mathur2008,
  title   = {Multiclass and binary SVM classification: Implications for training and classification users},
  author  = {Mathur, Ajay and Foody, Giles M},
  journal = {IEEE Geoscience and remote sensing letters},
  volume  = {5},
  number  = {2},
  pages   = {241--245},
  year    = {2008}
}


@article{Aiolli2005,
  title   = {Multiclass Classification with Multi-Prototype Support Vector Machines},
  author  = {Aiolli, Fabio and Sperduti, Alessandro},
  journal = {Journal of Machine Learning Research},
  volume  = {6},
  number  = {5},
  year    = {2005},
  pages   = {817--850}
}

@inproceedings{Mayoraz1999,
  title        = {Support vector machines for multi-class classification},
  author       = {Mayoraz, Eddy and Alpaydin, Ethem},
  booktitle    = {International Work-Conference on Artificial Neural Networks},
  pages        = {833--842},
  year         = {1999},
  organization = {Springer}
}


@article{Benabdeslem2006,
  title   = {Dendogram-based SVM for multi-class classification},
  author  = {Benabdeslem, Khalid and Bennani, Younès},
  journal = {Journal of Computing and Information Technology},
  volume  = {14},
  number  = {4},
  pages   = {283--289},
  year    = {2006}
}


@article{Angulo2003,
  title   = {{K-SVCR}: A support vector machine for multi-class classification},
  author  = {Angulo, Cecilio and Parra, Xavier and Català, Andreu},
  journal = {Neurocomputing},
  volume  = {55},
  number  = {1-2},
  pages   = {57--77},
  year    = {2003}
}

@article{Joachims1998,
  title     = {Text categorization with support vector machines: Learning with many relevant features},
  author    = {Joachims, Thorsten},
  booktitle = {European conference on machine learning},
  pages     = {137--142},
  year      = {1998}
}


@inproceedings{Liu2010,
  title        = {Study on SVM compared with the other text classification methods},
  author       = {Liu, Zhijie and Lv, Xueqiang and Liu, Kun and Shi, Shuicai},
  booktitle    = {2010 Second international workshop on education technology and computer science},
  volume       = {1},
  pages        = {219--222},
  year         = {2010},
  organization = {IEEE}
}


@book{Vapnik2000,
  title     = {The nature of statistical learning theory},
  author    = {Vapnik, Vladimir N.},
  year      = {2000},
  publisher = {Springer science \& business media}
}


@article{Cortes1995,
  title   = {Support-vector networks},
  author  = {Cortes, Corinna and Vapnik, Vladimir},
  journal = {Machine learning},
  volume  = {20},
  pages   = {273--297},
  year    = {1995}
}

@book{Han2012,
  title     = {Data mining: concepts and techniques},
  author    = {Han, Jiawei and Kamber, Micheline and Pei, Jian},
  year      = {2012},
  publisher = {Elsevier},
  edition   = {3}
}

@article{Chang2001,
  author  = {Chang, Chih-Chung and Lin, Chih-Jen},
  title   = {LIBSVM: A Library for Support Vector Machines},
  year    = {2011},
  journal = {ACM Transactions on Intelligent Systems and Technology},
  volume  = {2},
  number  = {3}
}

@book{Jordan2006,
  author    = {Bishop, Christopher M.},
  publisher = {Springer},
  title     = {Pattern Recognition and Machine Learning},
  year      = {2006}
}

@article{Hsu2002,
  title   = {A comparison of methods for multiclass support vector machines},
  author  = {Hsu, Chih-Wei and Lin, Chih-Jen},
  journal = {IEEE Transactions on Neural Networks},
  volume  = {13},
  number  = {2},
  pages   = {415--425},
  year    = {2002}
}

@article{Crammer2001,
  title   = {On the algorithmic implementation of multiclass kernel-based vector machines},
  author  = {Crammer, Koby and Singer, Yoram},
  journal = {Journal of machine learning research},
  volume  = {2},
  pages   = {265--292},
  year    = {2001}
}


@book{Berthold2020,
  title     = {Guide to Intelligent Data Science: How to Intelligent Make Use of Real Data},
  author    = {Berthold, Michael R and Borgelt, Christian and H{\"o}ppner, Frank and Klawonn, Frank and Silipo, Rosaria},
  year      = {2020},
  publisher = {Springer}
}

@inproceedings{Fatourechi2008,
  title        = {Comparison of evaluation metrics in classification applications with imbalanced datasets},
  author       = {Fatourechi, Mehrdad and Ward, Rabab K and Mason, Steven G and Huggins, Jane and Schloegl, Alois and Birch, Gary E},
  booktitle    = {2008 seventh international conference on machine learning and applications},
  pages        = {777--782},
  year         = {2008},
  organization = {IEEE}
}

@article{Espindola2005,
  title   = {On extending f-measure and g-mean metrics to multi-class problems},
  author  = {Esp{\'\i}ndola, Rog{\'e}rio P and Ebecken, Nelson FF},
  journal = {WIT Transactions on Information and Communication Technologies},
  volume  = {35},
  year    = {2005}
}

@article{Buckland1994,
  title   = {The relationship between recall and precision},
  author  = {Buckland, Michael and Gey, Fredric},
  journal = {Journal of the American society for information science},
  volume  = {45},
  number  = {1},
  pages   = {12--19},
  year    = {1994}
}

@inproceedings{Pan2016,
  title        = {Optimizing the multiclass f-measure via biconcave programming},
  author       = {Narasimhan, Harikrishna and Pan, Weiwei and Kar, Purushottam and Protopapas, Pavlos and Ramaswamy, Harish G},
  booktitle    = {2016 IEEE 16th international conference on data mining (ICDM)},
  pages        = {1101--1106},
  year         = {2016},
  organization = {IEEE}
}

@article{Kautz2017,
  title   = {Generic performance measure for multiclass-classifiers},
  author  = {Kautz, Thomas and Eskofier, Bjoern M and Pasluosta, Cristian F},
  journal = {Pattern Recognition},
  volume  = {68},
  pages   = {111--125},
  year    = {2017}
}

@article{Ferri2009,
  title   = {An experimental comparison of performance measures for classification},
  author  = {Ferri, C{\'e}sar and Hern{\'a}ndez-Orallo, Jos{\'e} and Modroiu, R},
  journal = {Pattern recognition letters},
  volume  = {30},
  number  = {1},
  pages   = {27--38},
  year    = {2009}
}

@inproceedings{Branco2017,
  title        = {Relevance-based evaluation metrics for multi-class imbalanced domains},
  author       = {Branco, Paula and Torgo, Lu{\'\i}s and Ribeiro, Rita P},
  booktitle    = {Pacific-Asia Conference on Knowledge Discovery and Data Mining},
  pages        = {698--710},
  year         = {2017},
  organization = {Springer}
}

@inproceedings{Rennie2003,
  title     = {Tackling the poor assumptions of naive bayes text classifiers},
  author    = {Rennie, Jason D and Shih, Lawrence and Teevan, Jaime and Karger, David R},
  booktitle = {Proceedings of the 20th international conference on machine learning (ICML-03)},
  pages     = {616--623},
  year      = {2003}
}


@techreport{Bundesagentur2011b,
  author = {{Bundesagentur für Arbeit}},
  pages  = {1-11},
  title  = {Klassifikation der {Berufe} 2010 ({KldB} 2010) – {Aufbau} und anwenderbezogene {Hinweise}},
  year   = {2011}
}

@book{Bundesagentur2011a,
  author = {{Bundesagentur für Arbeit}},
  title  = {Klassifikation der {Berufe} 2010 Band 2: {Definitorischer} und beschreibender {Teil}},
  pages  = {1--1634},
  year   = {2011}
}

@inproceedings{Vijayan2017,
  title        = {A comprehensive study of text classification algorithms},
  author       = {Vijayan, Vikas K and Bindu, KR and Parameswaran, Latha},
  booktitle    = {2017 International Conference on Advances in Computing, Communications and Informatics (ICACCI)},
  pages        = {1109--1113},
  year         = {2017},
  organization = {IEEE}
}

@inproceedings{Colas2006,
  title        = {Comparison of SVM and some older classification algorithms in text classification tasks},
  author       = {Colas, Fabrice and Brazdil, Pavel},
  booktitle    = {IFIP International Conference on Artificial Intelligence in Theory and Practice},
  pages        = {169--178},
  year         = {2006},
  organization = {Springer}
}


@article{Sebastiani2001,
  title   = {Machine learning in automated text categorization},
  author  = {Sebastiani, Fabrizio},
  journal = {ACM computing surveys (CSUR)},
  volume  = {34},
  number  = {1},
  pages   = {1--47},
  year    = {2002}
}


@article{Song2014,
  title   = {Short text classification: A survey},
  author  = {Song, Ge and Ye, Yunming and Du, Xiaolin and Huang, Xiaohui and Bie, Shifu},
  journal = {Journal of multimedia},
  volume  = {9},
  number  = {5},
  pages   = {635-643},
  year    = {2014}
}

@inproceedings{WangY2017,
  title        = {Comparisons and selections of features and classifiers for short text classification},
  author       = {Wang, Ye and Zhou, Zhi and Jin, Shan and Liu, Debin and Lu, Mi},
  booktitle    = {Iop conference series: Materials science and engineering},
  volume       = {261},
  pages        = {1-7},
  year         = {2017},
  organization = {IOP Publishing}
}

@inproceedings{WangF2014,
  title     = {Concept-based short text classification and ranking},
  author    = {Wang, Fang and Wang, Zhongyuan and Li, Zhoujun and Wen, Ji-Rong},
  booktitle = {Proceedings of the 23rd ACM International Conference on Conference on Information and Knowledge Management},
  pages     = {1069--1078},
  year      = {2014}
}

@inproceedings{Bouaziz2014,
  title        = {Short text classification using semantic random forest},
  author       = {Bouaziz, Ameni and Dartigues-Pallez, Christel and Costa Pereira, C{\'e}lia da and Precioso, Fr{\'e}d{\'e}ric and Lloret, Patrick},
  booktitle    = {International Conference on Data Warehousing and Knowledge Discovery},
  pages        = {288--299},
  year         = {2014},
  organization = {Springer}
}

@inproceedings{Chen2019,
  title     = {Deep short text classification with knowledge powered attention},
  author    = {Chen, Jindong and Hu, Yizhou and Liu, Jingping and Xiao, Yanghua and Jiang, Haiyun},
  booktitle = {AAAI Technical Track: Natural Language Processing},
  volume    = {33},
  number    = {01},
  pages     = {6252--6259},
  year      = {2019}
}

@article{Khamar2013,
  title   = {Short text classification using kNN based on distance function},
  author  = {Khamar, Khushbu},
  journal = {International Journal of Advanced Research in Computer and Communication Engineering},
  volume  = {2},
  number  = {4},
  pages   = {1916--1919},
  year    = {2013}
}

@book{kulkarni2021,
  title     = {Natural language processing recipes},
  author    = {Kulkarni, Akshay and Shivananda, Adarsha},
  year      = {2019},
  publisher = {Springer}
}


@book{sarkar2016,
  title     = {Text Analytics with python},
  author    = {Sarkar, Dipanjan},
  year      = {2016},
  publisher = {Springer}
}

@article{ajose2020,
  title   = {Performance Analysis of Different Word Embedding Models for Text Classification},
  author  = {Ajose-Ismail, BM and Abimbola, Olawale Victor and Oloruntoba, SA},
  journal = {International Journal of Scientific Research and Engineering Development},
  volume  = {3},
  number  = {6},
  pages   = {1016--1020},
  year    = {2020}
}


@misc{suleymanov2019,
  title  = {Text Classification for Azerbaijani Language Using Machine Learning and Embedding},
  author = {Umid Suleymanov and Behnam Kiani Kalejahi and Elkhan Amrahov and Rashid Badirkhanli},
  year   = {2019}
}


@article{scikit-learn,
  title   = {Scikit-learn: Machine Learning in {P}ython},
  author  = {Pedregosa, F. and Varoquaux, G. and Gramfort, A. and Michel, V.
             and Thirion, B. and Grisel, O. and Blondel, M. and Prettenhofer, P.
             and Weiss, R. and Dubourg, V. and Vanderplas, J. and Passos, A. and
             Cournapeau, D. and Brucher, M. and Perrot, M. and Duchesnay, E.},
  journal = {Journal of Machine Learning Research},
  volume  = {12},
  pages   = {2825--2830},
  year    = {2011}
}

@book{sidorov2019,
  title     = {Syntactic n-grams in computational linguistics},
  author    = {Sidorov, Grigori},
  year      = {2019},
  publisher = {Springer}
}

@inproceedings{kuang2010,
  title        = {Improvement and application of TF • IDF method based on text classification},
  author       = {Kuang, Qiaoyan and Xu, Xiaoming},
  booktitle    = {2010 International Conference on Internet Technology and Applications},
  pages        = {1--4},
  year         = {2010},
  organization = {IEEE}
}

@article{robertson2004,
  title   = {Understanding inverse document frequency: on theoretical arguments for IDF},
  author  = {Robertson, Stephen},
  journal = {Journal of documentation},
  year    = {2004},
  volume  = {60},
  number  = {5},
  pages   = {503-520}
}

@inproceedings{li2015,
  title     = {Word embedding revisited: A new representation learning and explicit matrix factorization perspective},
  author    = {Li, Yitan and Xu, Linli and Tian, Fei and Jiang, Liang and Zhong, Xiaowei and Chen, Enhong},
  booktitle = {Twenty-Fourth International Joint Conference on Artificial Intelligence},
  year      = {2015},
  pages     = {3650--3656}
}


@inproceedings{jin2016,
  title     = {Bag-of-embeddings for text classification},
  author    = {Jin, Peng and Zhang, Yue and Chen, Xingyuan and Xia, Yunqing},
  booktitle = {Twenty-Fifth International Joint Conference on Artificial Intelligence},
  volume    = {16},
  pages     = {2824--2830},
  year      = {2016}
}

@misc{mikolov2013,
  title   = {Efficient estimation of word representations in vector space},
  author  = {Mikolov, Tomas and Chen, Kai and Corrado, Greg and Dean, Jeffrey},
  journal = {arXiv preprint arXiv:1301.3781},
  year    = {2013},
  pages   = {1-12}
}


@article{sahlgren2008,
  title   = {The distributional hypothesis},
  author  = {Sahlgren, Magnus},
  journal = {Italian Journal of Disability Studies},
  volume  = {20},
  number  = {1},
  pages   = {33--53},
  year    = {2008}
}


@article{rong2014,
  title   = {word2vec parameter learning explained},
  author  = {Rong, Xin},
  journal = {arXiv preprint arXiv:1411.2738},
  year    = {2014},
  pages   = {1-21}
}


@inproceedings{simonton2017,
  title        = {Efficient and accurate word2vec implementations in gpu and shared-memory multicore architectures},
  author       = {Simonton, Trevor M and Alaghband, Gita},
  booktitle    = {2017 IEEE High Performance Extreme Computing Conference (HPEC)},
  pages        = {1--7},
  year         = {2017},
  organization = {IEEE}
}

@inproceedings{le2014,
  title        = {Distributed representations of sentences and documents},
  author       = {Le, Quoc and Mikolov, Tomas},
  editor       = {Xing, Eric P. and Jebara, Tony},
  booktitle    = {31st International Conference on Machine Learning},
  pages        = {1188--1196},
  year         = {2014},
  organization = {PMLR},
  volume       = {32},
  number       = {2}
}


@article{lau2016,
  title   = {An empirical evaluation of doc2vec with practical insights into document embedding generation},
  author  = {Lau, Jey Han and Baldwin, Timothy},
  journal = {arXiv preprint arXiv:1607.05368},
  year    = {2016}
}

@article{devlin2018,
  title   = {Bert: Pre-training of deep bidirectional transformers for language understanding},
  author  = {Devlin, Jacob and Chang, Ming-Wei and Lee, Kenton and Toutanova, Kristina},
  journal = {arXiv preprint arXiv:1810.04805},
  year    = {2019}
}

@inproceedings{vaswani2017,
  title     = {Attention is all you need},
  author    = {Vaswani, Ashish and Shazeer, Noam and Parmar, Niki and Uszkoreit, Jakob and Jones, Llion and Gomez, Aidan N and Kaiser, {\L}ukasz and Polosukhin, Illia},
  booktitle = {31st Conference on Neural Information Processing System},
  pages     = {1--11},
  year      = {2017}
}

@book{ravichandiran2021,
  title     = {Getting Started with Google BERT: Build and train state-of-the-art natural language processing models using BERT},
  author    = {Ravichandiran, S.},
  year      = {2021},
  publisher = {Packt Publishing}
}

@article{merchant2020,
  title   = {What Happens To BERT Embeddings During Fine-tuning?},
  author  = {Merchant, Amil and Rahimtoroghi, Elahe and Pavlick, Ellie and Tenney, Ian},
  journal = {arXiv preprint arXiv:2004.14448},
  year    = {2020}
}

@inproceedings{sun2019,
  title        = {How to fine-tune bert for text classification?},
  author       = {Sun, Chi and Qiu, Xipeng and Xu, Yige and Huang, Xuanjing},
  booktitle    = {China National Conference on Chinese Computational Linguistics},
  pages        = {194--206},
  year         = {2019},
  organization = {Springer}
}


@article{kingma2014,
  title   = {Adam: A method for stochastic optimization},
  author  = {Kingma, Diederik P and Ba, Jimmy},
  journal = {arXiv preprint arXiv:1412.6980},
  year    = {2014}
}

@article{reimers2019,
  title   = {Sentence-bert: Sentence embeddings using siamese bert-networks},
  author  = {Reimers, Nils and Gurevych, Iryna},
  journal = {arXiv preprint arXiv:1908.10084},
  year    = {2019}
}

@article{assenmacher2021,
  title   = {Re-Evaluating GermEval17 Using German Pre-Trained Language Models},
  author  = {A{\ss}enmacher, Matthias and Corvonato, Alessandra and Heumann, Christian},
  journal = {arXiv preprint arXiv:2102.12330},
  year    = {2021}
}

@inproceedings{wolf2020,
  title     = {Transformers: State-of-the-Art Natural Language Processing},
  author    = {Thomas Wolf and Lysandre Debut and Victor Sanh and Julien Chaumond and Clement Delangue and Anthony Moi and Pierric Cistac and Tim Rault and Rémi Louf and Morgan Funtowicz and Joe Davison and Sam Shleifer and Patrick von Platen and Clara Ma and Yacine Jernite and Julien Plu and Canwen Xu and Teven Le Scao and Sylvain Gugger and Mariama Drame and Quentin Lhoest and Alexander M. Rush},
  booktitle = {Proceedings of the 2020 Conference on Empirical Methods in Natural Language Processing: System Demonstrations},
  month     = oct,
  year      = {2020},
  publisher = {Association for Computational Linguistics},
  pages     = {38--45}
}

@article{ayesha2020,
  title   = {Overview and comparative study of dimensionality reduction techniques for high dimensional data},
  author  = {Ayesha, Shaeela and Hanif, Muhammad Kashif and Talib, Ramzan},
  journal = {Information Fusion},
  volume  = {59},
  pages   = {44--58},
  year    = {2020}
}


@article{tipping1999,
  title   = {Mixtures of probabilistic principal component analyzers},
  author  = {Tipping, Michael E and Bishop, Christopher M},
  journal = {Neural computation},
  volume  = {11},
  number  = {2},
  pages   = {443--482},
  year    = {1999}
}

@book{bisong2019,
  title     = {Building machine learning and deep learning models on Google Cloud Platform},
  author    = {Bisong, Ekaba},
  year      = {2019},
  publisher = {Springer}
}

@article{bro2014,
  title   = {Principal component analysis},
  author  = {Bro, Rasmus and Smilde, Age K},
  journal = {Analytical methods},
  volume  = {6},
  pages   = {2812--2831},
  year    = {2014}
}

@incollection{geladi2017,
  address   = {Oxford},
  author    = {Paul Geladi and Johan Linderholm},
  booktitle = {Comprehensive Chemometrics (Second Edition)},
  editor    = {Steven Brown and Rom{\`a} Tauler and Beata Walczak},
  pages     = {17-37},
  publisher = {Elsevier},
  title     = {2.03 - Principal Component Analysis},
  year      = {2020}
}


@techreport{smith2002,
  title       = {A tutorial on principal components analysis},
  author      = {Smith, Lindsay I},
  year        = {2002},
  institution = {Department of Computer Science, University of Otago, New Zealand}
}

@incollection{zhou2009,
  author    = {Zhou, Zhi-Hua},
  editor    = {Li, Stan Z.
               and Jain, Anil},
  title     = {Ensemble Learning},
  booktitle = {Encyclopedia of Biometrics},
  year      = {2009},
  publisher = {Springer US},
  pages     = {270--273}
}

@incollection{polikar2012,
  title     = {Ensemble learning},
  author    = {Polikar, Robi},
  booktitle = {Ensemble machine learning},
  editor    = {Zhang, Cha and Ma, Yunqian},
  pages     = {1--34},
  year      = {2012},
  publisher = {Springer}
}

@article{breiman2001,
  title     = {Random forests},
  author    = {Breiman, Leo},
  journal   = {Machine learning},
  volume    = {45},
  number    = {1},
  pages     = {5--32},
  year      = {2001},
  publisher = {Springer}
}

@incollection{cutler2012,
  title     = {Random forests},
  author    = {Cutler, Adele and Cutler, D Richard and Stevens, John R},
  booktitle = {Ensemble machine learning},
  editor    = {Zhang, Cha and Ma, Yunqian},
  pages     = {157--175},
  year      = {2012},
  publisher = {Springer}
}

@article{brijain2014,
  title   = {A survey on decision tree algorithm for classification},
  author  = {Patel, Brijian M and Rana, Kushik K},
  year    = {2014},
  journal = {International Journal of Engineering Development and Research},
  volume  = {2},
  number  = {1},
  pages   = {1-5}
}

@article{safavian1991,
  title   = {A survey of decision tree classifier methodology},
  author  = {Safavian, S Rasoul and Landgrebe, David},
  journal = {IEEE transactions on systems, man, and cybernetics},
  volume  = {21},
  number  = {3},
  pages   = {660--674},
  year    = {1991}
}

@article{xia2008,
  title   = {Ranking with decision tree},
  author  = {Xia, Fen and Zhang, Wensheng and Li, Fuxin and Yang, Yanwu},
  journal = {Knowledge and information systems},
  volume  = {17},
  pages   = {381--395},
  year    = {2008}
}

@article{yuan2021,
  title   = {Gini-Impurity Index Analysis},
  author  = {Yuan, Ye and Wu, Liji and Zhang, Xiangmin},
  journal = {IEEE Transactions on Information Forensics and Security},
  volume  = {16},
  pages   = {3154--3169},
  year    = {2021}
}


@article{fei2014,
  title   = {Parallel L-BFGS-B algorithm on gpu},
  author  = {Fei, Yun and Rong, Guodong and Wang, Bin and Wang, Wenping},
  journal = {Computers \& graphics},
  volume  = {40},
  pages   = {1--9},
  year    = {2014}
}


@misc{jurafsky2021,
  title        = {Speech and Language Processing: An Introduction to Natural Language Processing, Computational Linguistics, and Speech Recognition},
  author       = {Jurafsky, Dan and Martin, James H.},
  year         = {2021},
  edition      = {3},
  howpublished = {"\url{https://web.stanford.edu/~jurafsky/slp3/old_dec20/ed3book_dec302020.pdf"},}
}

@inproceedings{chauhan2018,
  title        = {A review on conventional machine learning vs deep learning},
  author       = {Chauhan, Nitin Kumar and Singh, Krishna},
  booktitle    = {2018 International Conference on Computing, Power and Communication Technologies (GUCON)},
  pages        = {347--352},
  year         = {2018},
  organization = {IEEE}
}

@inproceedings{kamath2018,
  title        = {Comparative study between traditional machine learning and deep learning approaches for text classification},
  author       = {Kamath, Cannannore Nidhi and Bukhari, Syed Saqib and Dengel, Andreas},
  booktitle    = {Proceedings of the ACM Symposium on Document Engineering 2018},
  pages        = {1--11},
  year         = {2018},
  organization = {Association for Computing Machinery}
}

@article{shah2020,
  title   = {A comparative analysis of logistic regression, random forest and KNN models for the text classification},
  author  = {Shah, Kanish and Patel, Henil and Sanghvi, Devanshi and Shah, Manan},
  journal = {Augmented Human Research},
  volume  = {5},
  number  = {12},
  pages   = {1--16},
  year    = {2020}
}

@article{danso2014,
  title   = {A comparative study of machine learning methods for verbal autopsy text classification},
  author  = {Danso, Samuel and Atwell, Eric and Johnson, Owen},
  journal = {arXiv preprint arXiv:1402.4380},
  year    = {2014},
  pages   = {1--10}
}

@article{gonzalez2020,
  title   = {Comparing BERT against traditional machine learning text classification},
  author  = {Gonz{\'a}lez-Carvajal, Santiago and Garrido-Merch{\'a}n, Eduardo C},
  journal = {arXiv preprint arXiv:2005.13012},
  year    = {2021},
  pages   = {1--15}
}

@inproceedings{hassan2017,
  title        = {Efficient deep learning model for text classification based on recurrent and convolutional layers},
  author       = {Hassan, Abdalraouf and Mahmood, Ausif},
  booktitle    = {16th IEEE International Conference on Machine Learning and Applications (ICMLA)},
  pages        = {1108--1113},
  year         = {2017},
  organization = {IEEE}
}


@inproceedings{wang2017,
  title        = {Research on Web text classification algorithm based on improved CNN and SVM},
  author       = {Wang, Zhiquan and Qu, Zhiyi},
  booktitle    = {IEEE 17th International Conference on Communication Technology (ICCT)},
  pages        = {1958--1961},
  year         = {2017},
  organization = {IEEE}
}


@article{zhang2015,
  title   = {Character-level convolutional networks for text classification},
  author  = {Zhang, Xiang and Zhao, Junbo and LeCun, Yann},
  journal = {arXiv preprint arXiv: 1509.01626},
  volume  = {28},
  pages   = {1--9},
  year    = {2016}
}

@inproceedings{karimi2013,
  title     = {Classifying microblogs for disasters},
  author    = {Karimi, Sarvnaz and Yin, Jie and Paris, Cecile},
  booktitle = {Proceedings of the 18th Australasian Document Computing Symposium},
  pages     = {26--33},
  year      = {2013}
}


@inproceedings{sriram2010,
  title     = {Short text classification in twitter to improve information filtering},
  author    = {Sriram, Bharath and Fuhry, Dave and Demir, Engin and Ferhatosmanoglu, Hakan and Demirbas, Murat},
  booktitle = {Proceedings of the 33rd international ACM SIGIR conference on Research and development in information retrieval},
  pages     = {841--842},
  year      = {2010}
}


@article{yan2018,
  title     = {Few-shot learning for short text classification},
  author    = {Yan, Leiming and Zheng, Yuhui and Cao, Jie},
  journal   = {Multimedia Tools and Applications},
  volume    = {77},
  pages     = {29799--29810},
  year      = {2018},
  publisher = {Springer}
}


@inproceedings{sun2012,
  title     = {Short text classification using very few words},
  author    = {Sun, Aixin},
  booktitle = {Proceedings of the 35th international ACM SIGIR conference on Research and development in information retrieval},
  pages     = {1145--1146},
  year      = {2012}
}

@inproceedings{chen2011,
  title     = {Short text classification improved by learning multi-granularity topics},
  author    = {Chen, Mengen and Jin, Xiaoming and Shen, Dou},
  booktitle = {Twenty-second international joint conference on artificial intelligence},
  year      = {2011},
  pages     = {1776-1781}
}

@inproceedings{wang2017J,
  title     = {Combining Knowledge with Deep Convolutional Neural Networks for Short Text Classification.},
  author    = {Wang, Jin and Wang, Zhongyuan and Zhang, Dawei and Yan, Jun},
  booktitle = {IJCAI},
  volume    = {350},
  year      = {2017}
}

@article{zeng2018,
  title   = {Topic memory networks for short text classification},
  author  = {Zeng, Jichuan and Li, Jing and Song, Yan and Gao, Cuiyun and Lyu, Michael R and King, Irwin},
  journal = {arXiv preprint arXiv:1809.03664},
  year    = {2018},
  page    = {1-12}
}


@article{alsmadi2019,
  title     = {Review of short-text classification},
  author    = {Alsmadi, Issa and Gan, Keng Hoon},
  journal   = {International Journal of Web Information Systems},
  year      = {2019},
  publisher = {Emerald Publishing Limited}
}

@article{kowsari2019text,
  title   = {Text classification algorithms: A survey},
  author  = {Kowsari, Kamran and Jafari Meimandi, Kiana and Heidarysafa, Mojtaba and Mendu, Sanjana and Barnes, Laura and Brown, Donald},
  journal = {Information},
  volume  = {10},
  number  = {4},
  pages   = {150},
  year    = {2019}
}


@article{rogers2020,
  title     = {A primer in bertology: What we know about how bert works},
  author    = {Rogers, Anna and Kovaleva, Olga and Rumshisky, Anna},
  journal   = {Transactions of the Association for Computational Linguistics},
  volume    = {8},
  pages     = {842--866},
  year      = {2020},
  publisher = {MIT Press}
}


@book{maglogiannis2007,
  title     = {Emerging artificial intelligence applications in computer engineering: real word ai systems with applications in ehealth, hci, information retrieval and pervasive technologies},
  author    = {Maglogiannis, Ilias G},
  volume    = {160},
  year      = {2007},
  publisher = {Ios Press}
}

@article{singh2019,
  title   = {Vectorization of text documents for identifying unifiable news articles},
  author  = {Singh, Anita Kumari and Shashi, Mogalla},
  journal = {Int. J. Adv. Comput. Sci. Appl},
  volume  = {10},
  year    = {2019}
}

@article{almeida2019,
  title   = {Word embeddings: A survey},
  author  = {Almeida, Felipe and Xex{\'e}o, Geraldo},
  journal = {arXiv preprint arXiv:1901.09069},
  year    = {2019}
}


@inproceedings{wendland2021,
  title        = {Introduction to Text Classification: Impact of Stemming and Comparing TF-IDF and Count Vectorization as Feature Extraction Technique},
  author       = {Wendland, Andr{\'e} and Zenere, Marco and Niemann, J{\"o}rg},
  booktitle    = {European Conference on Software Process Improvement},
  pages        = {289--300},
  year         = {2021},
  organization = {Springer}
}

@inproceedings{zhu2016,
  title        = {A study of damp-heat syndrome classification using Word2vec and TF-IDF},
  author       = {Zhu, Wei and Zhang, Wei and Li, Guo-Zheng and He, Chong and Zhang, Lei},
  booktitle    = {2016 IEEE International Conference on Bioinformatics and Biomedicine (BIBM)},
  pages        = {1415--1420},
  year         = {2016},
  organization = {IEEE}
}


@article{cahyani2021,
  title   = {Performance comparison of TF-IDF and Word2Vec models for emotion text classification},
  author  = {Cahyani, Denis Eka and Patasik, Irene},
  journal = {Bulletin of Electrical Engineering and Informatics},
  volume  = {10},
  number  = {5},
  pages   = {2780--2788},
  year    = {2021}
}

@inproceedings{arora2021,
  title        = {Enactment of tf-idf and word2vec on Text Categorization},
  author       = {Arora, Monika and Mittal, Vrinda and Aggarwal, Priyanka},
  booktitle    = {Proceedings of 3rd International Conference on Computing Informatics and Networks: ICCIN 2020},
  pages        = {199--209},
  year         = {2021},
  organization = {Springer Singapore}
}

@inproceedings{shao2018,
  title        = {Clinical text classification with word embedding features vs. bag-of-words features},
  author       = {Shao, Yijun and Taylor, Stephanie and Marshall, Nell and Morioka, Craig and Zeng-Treitler, Qing},
  booktitle    = {2018 IEEE International Conference on Big Data (Big Data)},
  pages        = {2874--2878},
  year         = {2018},
  organization = {IEEE}
}

@inproceedings{miaschi2020,
  title     = {Contextual and non-contextual word embeddings: an in-depth linguistic investigation},
  author    = {Miaschi, Alessio and Dell’Orletta, Felice},
  booktitle = {Proceedings of the 5th Workshop on Representation Learning for NLP},
  pages     = {110--119},
  year      = {2020}
}

@inproceedings{rahmawati2016,
  title        = {Word2vec semantic representation in multilabel classification for Indonesian news article},
  author       = {Rahmawati, Dyah and Khodra, Masayu Leylia},
  booktitle    = {2016 International Conference On Advanced Informatics: Concepts, Theory And Application (ICAICTA)},
  pages        = {1--6},
  year         = {2016},
  organization = {IEEE}
}


@article{uysal2014,
  title     = {The impact of preprocessing on text classification},
  author    = {Uysal, Alper Kursat and Gunal, Serkan},
  journal   = {Information processing \& management},
  volume    = {50},
  number    = {1},
  pages     = {104--112},
  year      = {2014},
  publisher = {Elsevier}
}


@article{hacohen2020,
  title     = {The influence of preprocessing on text classification using a bag-of-words representation},
  author    = {HaCohen-Kerner, Yaakov and Miller, Daniel and Yigal, Yair},
  journal   = {PloS one},
  volume    = {15},
  number    = {5},
  pages     = {e0232525},
  year      = {2020},
  publisher = {Public Library of Science San Francisco, CA USA}
}

@article{gonccalves2005,
  title     = {Evaluating preprocessing techniques in a text classification problem},
  author    = {Gon{\c{c}}alves, Teresa and Quaresma, Paulo},
  journal   = {S{\~a}o Leopoldo, RS, Brasil: SBC-Sociedade Brasileira de Computa{\c{c}}{\~a}o},
  year      = {2005},
  publisher = {Citeseer}
}

@book{bird2009,
  title     = {Natural language processing with Python: analyzing text with the natural language toolkit},
  author    = {Bird, Steven and Klein, Ewan and Loper, Edward},
  year      = {2009},
  publisher = {" O'Reilly Media, Inc."}
}

@article{grandini2020,
  title   = {Metrics for multi-class classification: an overview},
  author  = {Grandini, Margherita and Bagli, Enrico and Visani, Giorgio},
  journal = {arXiv preprint arXiv:2008.05756},
  year    = {2020}
}


@article{padurariu2019,
  title     = {Dealing with data imbalance in text classification},
  author    = {Padurariu, Cristian and Breaban, Mihaela Elena},
  journal   = {Procedia Computer Science},
  volume    = {159},
  pages     = {736--745},
  year      = {2019},
  publisher = {Elsevier}
}

@article{kaur2019,
  title     = {A systematic review on imbalanced data challenges in machine learning: Applications and solutions},
  author    = {Kaur, Harsurinder and Pannu, Husanbir Singh and Malhi, Avleen Kaur},
  journal   = {ACM Computing Surveys (CSUR)},
  volume    = {52},
  number    = {4},
  pages     = {1--36},
  year      = {2019},
  publisher = {ACM New York, NY, USA}
}

@article{muchlinski2016,
  title     = {Comparing random forest with logistic regression for predicting class-imbalanced civil war onset data},
  author    = {Muchlinski, David and Siroky, David and He, Jingrui and Kocher, Matthew},
  journal   = {Political Analysis},
  volume    = {24},
  number    = {1},
  pages     = {87--103},
  year      = {2016},
  publisher = {Cambridge University Press}
}

@article{krawczyk2016,
  title     = {Learning from imbalanced data: open challenges and future directions},
  author    = {Krawczyk, Bartosz},
  journal   = {Progress in Artificial Intelligence},
  volume    = {5},
  number    = {4},
  pages     = {221--232},
  year      = {2016},
  publisher = {Springer}
}


@article{ostendorff2019,
  title   = {Enriching bert with knowledge graph embeddings for document classification},
  author  = {Ostendorff, Malte and Bourgonje, Peter and Berger, Maria and Moreno-Schneider, Julian and Rehm, Georg and Gipp, Bela},
  journal = {arXiv preprint arXiv:1909.08402},
  year    = {2019}
}


@inproceedings{jiang2020,
  title        = {Identifying and correcting label bias in machine learning},
  author       = {Jiang, Heinrich and Nachum, Ofir},
  booktitle    = {International Conference on Artificial Intelligence and Statistics},
  pages        = {702--712},
  year         = {2020},
  organization = {PMLR}
}


@inproceedings{zhu2017,
  title     = {Document embedding strategies for job title classification},
  author    = {Zhu, Yun and Javed, Faizan and Ozturk, Ozgur},
  booktitle = {The Thirtieth International Flairs Conference},
  year      = {2017}
}

@inproceedings{javed2015,
  title        = {Carotene: A job title classification system for the online recruitment domain},
  author       = {Javed, Faizan and Luo, Qinlong and McNair, Matt and Jacob, Ferosh and Zhao, Meng and Kang, Tae Seung},
  booktitle    = {2015 IEEE First International Conference on Big Data Computing Service and Applications},
  pages        = {286--293},
  year         = {2015},
  organization = {IEEE}
}

@article{javed2016,
  title   = {Towards a job title classification system},
  author  = {Javed, Faizan and McNair, Matt and Jacob, Ferosh and Zhao, Meng},
  journal = {arXiv preprint arXiv:1606.00917},
  year    = {2016}
}


@article{decorte2021,
  title   = {JobBERT: Understanding job titles through skills},
  author  = {Decorte, Jens-Joris and Van Hautte, Jeroen and Demeester, Thomas and Develder, Chris},
  journal = {arXiv preprint arXiv:2109.09605},
  year    = {2021}
}

@inproceedings{wang2019,
  title        = {DeepCarotene-Job Title Classification with Multi-stream Convolutional Neural Network},
  author       = {Wang, Jingya and Abdelfatah, Kareem and Korayem, Mohammed and Balaji, Janani},
  booktitle    = {2019 IEEE International Conference on Big Data (Big Data)},
  pages        = {1953--1961},
  year         = {2019},
  organization = {IEEE}
}

@inproceedings{neculoiu2016,
  title     = {Learning text similarity with siamese recurrent networks},
  author    = {Neculoiu, Paul and Versteegh, Maarten and Rotaru, Mihai},
  booktitle = {Proceedings of the 1st Workshop on Representation Learning for NLP},
  pages     = {148--157},
  year      = {2016}
}

@article{marinescu2020,
  title     = {Opening the black box of the matching function: The power of words},
  author    = {Marinescu, Ioana and Wolthoff, Ronald},
  journal   = {Journal of Labor Economics},
  volume    = {38},
  number    = {2},
  pages     = {535--568},
  year      = {2020},
  publisher = {The University of Chicago Press Chicago, IL}
}

@inproceedings{slamet2018,
  title        = {Web scraping and Na{\"\i}ve Bayes classification for job search engine},
  author       = {Slamet, Cepy and Andrian, Rian and Maylawati, Dian Sa'adillah and Darmalaksana, W and Ramdhani, MA and others},
  booktitle    = {IOP Conference Series: Materials Science and Engineering},
  volume       = {288},
  number       = {1},
  pages        = {012038},
  year         = {2018},
  organization = {IOP Publishing}
}

@inproceedings{malherbe2014,
  title        = {Field selection for job categorization and recommendation to social network users},
  author       = {Malherbe, Emmanuel and Diaby, Mamadou and Cataldi, Mario and Viennet, Emmanuel and Aufaure, Marie-Aude},
  booktitle    = {2014 IEEE/ACM International Conference on Advances in Social Networks Analysis and Mining (ASONAM 2014)},
  pages        = {588--595},
  year         = {2014},
  organization = {IEEE}
}

@article{smith1989,
  title     = {What is in a name: The impact of job titles on job evaluation results},
  author    = {Smith, Brien N and Hornsby, Jeffrey S and Benson, Philip G and Wesolowski, Mark},
  journal   = {Journal of Business and Psychology},
  volume    = {3},
  number    = {3},
  pages     = {341--351},
  year      = {1989},
  publisher = {Springer}
}

@article{boydston2020,
  title     = {Public perceptions and understanding of job titles related to behavior analysis},
  author    = {Boydston, Paige S and Hirst, Erica S Jowett},
  journal   = {Behavior Analysis in Practice},
  volume    = {13},
  number    = {2},
  pages     = {394--401},
  year      = {2020},
  publisher = {Springer}
}

@article{martin2021,
  title     = {What’s in an occupation? Investigating within-occupation variation and gender segregation using job titles and task descriptions},
  author    = {Martin-Caughey, Ananda},
  journal   = {American Sociological Review},
  volume    = {86},
  number    = {5},
  pages     = {960--999},
  year      = {2021},
  publisher = {SAGE Publications Sage CA: Los Angeles, CA}
}

@inproceedings{li2021,
  title     = {Retrieving and Classifying LinkedIn Job Titles for Alumni Career Analysis},
  author    = {Li, Lei and Peltsverger, Svetlana and Zheng, Jack and Le, Linh and Handlin, Michael},
  booktitle = {Proceedings of the 22st Annual Conference on Information Technology Education},
  pages     = {85--90},
  year      = {2021}
}

@article{refaeilzadeh2009,
  title     = {Cross-validation.},
  author    = {Refaeilzadeh, Payam and Tang, Lei and Liu, Huan},
  journal   = {Encyclopedia of database systems},
  volume    = {5},
  pages     = {532--538},
  year      = {2009},
  publisher = {Springer}
}


@article{li2004,
  title     = {A comparative study of feature selection and multiclass classification methods for tissue classification based on gene expression},
  author    = {Li, Tao and Zhang, Chengliang and Ogihara, Mitsunori},
  journal   = {Bioinformatics},
  volume    = {20},
  number    = {15},
  pages     = {2429--2437},
  year      = {2004},
  publisher = {Oxford University Press}
}

@article{aly2005,
  title     = {Survey on multiclass classification methods},
  author    = {Aly, Mohamed},
  journal   = {Neural Netw},
  volume    = {19},
  pages     = {1--9},
  year      = {2005},
  publisher = {Citeseer}
}


@article{schapire2000,
  title     = {BoosTexter: A boosting-based system for text categorization},
  author    = {Schapire, Robert E and Singer, Yoram},
  journal   = {Machine learning},
  volume    = {39},
  number    = {2},
  pages     = {135--168},
  year      = {2000},
  publisher = {Springer}
}

@inproceedings{farooq2017,
  title        = {A deep CNN based multi-class classification of Alzheimer's disease using MRI},
  author       = {Farooq, Ammarah and Anwar, SyedMuhammad and Awais, Muhammad and Rehman, Saad},
  booktitle    = {2017 IEEE International Conference on Imaging systems and techniques (IST)},
  pages        = {1--6},
  year         = {2017},
  organization = {IEEE}
}

@article{tomar2015comparison,
  title     = {A comparison on multi-class classification methods based on least squares twin support vector machine},
  author    = {Tomar, Divya and Agarwal, Sonali},
  journal   = {Knowledge-Based Systems},
  volume    = {81},
  pages     = {131--147},
  year      = {2015},
  publisher = {Elsevier}
}
